%\bibitem{Mikhlin}
%    Soloman G. Mikhlin,
%    \emph{On the multipliers of {Fourier} integrals},
%    Dokl. Akad. Nauk,
%    1956.

%\bibitem{Sogge}
%    Christopher Sogge,
%    \emph{Oscillatory Integrals and Spherical Harmonics},
%    1985.

@article{Hormander1,
    author = {H\"{o}rmander, Lars},
    title = {Estimates for translation invariant operators in {$L^p$} spaces},
    journal = {Acta Math.},
    volume = {104},
    number = {1-2},
    year = {1960},
    pages = {93-140}
}

@article{Fefferman,
    author = {Fefferman, Charles},
    title = {The Multiplier Problem for the Ball},
    journal = {Ann. of Math. (2)},
    volume = {94},
    number = {2},
    year = {1971},
    pages = {330-336}
}

@article{Mitjagin,
    author = {Mitjagin, Boris S.},
    title = {Divergenz von Spektralentwicklungen in {$L_p$}-R\"{a}umen},
    journal = {Internat. Ser. Numer. Math.},
    volume = {25},
    year = {1974},
    pages = {521-530}
}

@article{KenigStantonTomas,
    author = {Kenig, Carlos E. and Stanton, Robert J. and Tomas, Peter A.},
    title = {Divergence of Eigenfunction Expansions},
    journal = {J. Funct. Anal.},
    volume = {46},
    number = {1},
    year = {1982},
    pages = {28-44}
}

@article{Dappa,
    author = {Dappa, Henry},
    title = {Quasi-radial Multipliers},
    journal = {Studia Math.},
    volume = {84},
    number = {1},
    year = {1986},
    pages = {1-24}
}

@article{SeegerEndpointEstimatesManifold,
    author = {Seeger, Andreas},
    title = {Endpoints Estimates for Multiplier Transformations on Compact Manifolds},
    journal = {Indiana Univ. Math. J.},
    volume = {40},
    number = {2},
    year = {1991},
    pages = {471-533}
}

@article{SeegerSoggeStein,
    author = {Seeger, Andreas and Sogge, Christopher D. and Stein, Elias M.},
    title = {Regularity Properties of {F}ourier Integral Operators},
    journal = {Ann. of Math. (2)},
    volume = {134},
    number = {2},
    year = {1991},
    pages = {231-251}
}

@article{SeegerSogge,
    author = {Seeger, Andreas and Sogge, Christopher D.},
    title = {On the Boundedness of Functions of (Pseudo) Differential Operators on Compact Manifolds},
    journal = {Duke Math J.},
    volume = {59},
    number = {3},
    year = {1989},
    pages = {709-736}
}

@article{Minicozzi,
    author = {Minicozzi, William P. and Sogge, Christopher D.},
    title = {Negative Results for {N}ikodym Maximal Functions and Related Oscillatory Integrals in Curved Spaces},
    journal = {Math. Res. Lett.},
    volume = {4},
    number = {2},
    year = {2000 (ArXiv 1999)},
    pages = {221-237}
}

@article{Tao,
    author = {Tao, Terence},
    title = {The {B}ochner-{R}iesz implies the Restriction Conjecture},
    journal = {Duke Math. J.},
    volume = {96},
    number = {1},
    year = {1999},
    pages = {363-375}
}

@article{GarrigosandSeeger,
    author = {Garrig\'{o}s, Gustavo and Seeger, Andreas},
    title = {Characterizations of {H}ankel Multipliers},
    journal = {Math. Ann.},
    volume = {342},
    number = {1},
    year = {2008 (ArXiv 2007)},
    pages = {31-68}
}

@article{HeoandNazarovandSeeger,
    author = {Heo, Yaryong and Nazarov, Fedor and Seeger, Andreas},
    title = {Radial {F}ourier Multipliers in High Dimensions},
    journal = {Acta Math.},
    volume = {206},
    number = {1},
    year = {2011 (ArXiv 2009)},
    pages = {55-92}
}

@article{BourgainandGuth,
    author = {Bourgain, Jean and Guth, Larry},
    title = {Bounds on Oscillatory Integral Operators Based on Multilinear Estimates},
    journal = {Geom. Funct. Anal.},
    volume = {21},
    number = {6},
    year = {2011 (ArXiv 2010)},
    pages = {1239-1295}
}

@article{HeoandYang,
    author = {Heo, Yaryong and Yang, Chan Woo},
    title = {Local Smoothing Estimates for some Half-Wave Operators},
    journal = {J. Math. Anal. Appl.},
    volume = {381},
    number = {2},
    year = {2011},
    pages = {573-581}
}

@article{Zahl2,
    author = {Zahl, Joshua},
    title = {On the {W}olff Circular Maximal Function},
    journal = {Illinois J. Math.},
    volume = {56},
    number = {4},
    year = {2012 (ArXiv 2011)},
    pages = {1281-1295}
}

@article{LeeSeeger,
    author = {Lee, Sanghyuk and Seeger, Andreas},
    title = {{L}ebesgue Space Estimates for a class of {F}ourier Integral Operators Associated With Wave Propogation},
    journal = {Math. Nachr.},
    volume = {286},
    number = {7},
    year = {2013},
    pages = {745-755}
}

@phdthesis{Alladi,
    author = {Alladi, Sriram},
    year = {2015},
    title = {A Multiplier Theorem for Ultraspherical Polynomials},
    school = {University of Wisconsin-Madison}
}

@article{KimQuasiradial,
    author = {Kim, Jongchon},
    title = {Endpoint bounds for quasiradial {F}ourier multipliers},
    journal = {Ann. Mat. Pura Appl. (4)},
    volume = {196},
    year = {2017 (ArXiv 2015)},
    pages = {773-789}
}

@article{Cladek,
    author = {Cladek, Laura},
    title = {Radial {F}ourier Multipliers in {$\mathbb{R}^3$} and {$\mathbb{R}^4$}},
    journal = {Anal. PDE},
    volume = {11},
    number = {2},
    year = {2018 (arXiv 2016)},
    pages = {467-498}
}

@article{KimSpectral,
    author = {Kim, Jongchon},
    title = {Endpoint Bounds for a Class of Spectral Multipliers on Compact Manifolds},
    journal = {Indiana Univ. Math. J.},
    volume = {67},
    number = {2},
    year = {2018 (ArXiv 2016)},
    pages = {937-969}
}

@article{KatzandRogers,
    author = {Katz, Nets Hawk and Rogers, Keith M.},
    title = {On the Polynomial {W}olff Axioms},
    journal = {Geom. Funct. Anal.},
    volume = {28},
    number = {6},
    year = {2018 (ArXiV 2018)},
    pages = {1706-1716}
}

@InProceedings{BeltranandHickmanandSogge,
    author = {Beltran, David and Hickman, Jonathan and Sogge, Christopher D.},
    title = {Sharp Local Smoothing Estimates for {F}ourier Integral Operators},
    booktitle="Geometric Aspects of Harmonic Analysis",
    year = {2021 (ArXiv 2019)},
    pages = {29-105}
}

@article{GuthandWangandZhang,
    author = {Guth, Larry and Wang, Hong and Zhang, Ruixiang},
    title = {A Sharp Square Function Estimate for the Cone in {$\mathbb{R}^3$}},
    journal = {Ann. of Math.},
    volume = {192},
    number = {2},
    year = {2020 (ArXiv 2019)},
    pages = {551-581}
}

@unpublished{GuoandOhandWangandWuandZhang,
    author = {Guo, Shaoming and Oh, Changkeun and Wang, Hong and Wu, Shukun and Zhang, Ruixiang},
    title = {The {B}ochner-{R}iesz Problem: An Old Approach Revisited},
    howpublished = {"\url{https://arxiv.org/abs/2104.11188}"},
    year = {(ArXiv 2021)},
    note = {Arxiv Preprint}
}

@article{Zahl,
    author = {Zahl, Joshua},
    title = {Sphere Tangencies, Line Incidences, and {L}ie's Line-Sphere Correspondence},
    journal = {Math. Proc. Cambridge Philos. Soc.},
    volume = {172},
    number = {2},
    year = {2021 (ArXiv 2021)},
    pages = {1-21}
}











@book{Wolff,
    author = {Wolff, Thomas H.},
    year = {2003},
    title = {Lectures in Harmonic Analysis},
    publisher = {The American Mathematical Society}
}

@book{Grafakos,
    author = {Grafakos, Loukas},
    year = {2014},
    title = {Classical {F}ourier Analysis},
    publisher = {Springer}
}

@book{Sogge,
    author = {Sogge, Christopher D.},
    year = {2017},
    title = {Fourier Integrals in Classical Analysis},
    publisher = {Cambridge University Press}
}