%% This document is a bibtex export of HAL publication
%% Date of the export : 02/05/2012
%% Criteria : Author : 'friggeri'

%%
%% inria-00490195, version 2
%% http://hal.inria.fr/inria-00490195
%%

@article{largesetsroughpatterns,
  AUTHOR = {Jacob Denson and Malabika Pramanik and Joshua Zahl},
  TITLE = {Large Sets Avoiding Rough Patterns},
  JOURNAL = {Harmonic Analysis and Applications},
  YEAR = {2021},
  PUBLISHER = {Springer International Publishing},
  PAGES = {59-75},
  URL = {https://doi.org/10.1007/978-3-030-61887-2_4},
  keywords={publication}
}

@unpublished{characterizationpaper,
  AUTHOR = {Jacob Denson},
  TITLE = {Multipliers of Spherical Harmonic Expansions},
  URL = {https://arxiv.org/abs/2410.23505},
  keywords={preprint}
}

@unpublished{salemsetspaper,
  AUTHOR = {Jacob Denson},
  TITLE = {Large {S}alem Sets Avoiding Nonlinear Configurations},
  URL = {https://arxiv.org/abs/2110.09592},
  keywords={preprint}
}

@article{mscthesis,
  AUTHOR = {Jacob Denson},
  TITLE = {Cartesian Products Avoiding Patterns},
  JOURNAL = {MSc Thesis, University of British Columbia},
  YEAR = {2019},
  URL = {https://open.library.ubc.ca/soa/cIRcle/collections/ubctheses/24/items/1.0387448},
  keywords={thesis}
}

@article{notesfromthemargin,
  AUTHOR = {Jacob Denson},
  TITLE = {Proofs in Three Bits or Less (Expository Article)},
  JOURNAL = {CMS Notes from the Margin},
  YEAR = {2018},
  PAGES = {1-3},
  URL = {https://issuu.com/cms-studc/docs/margin-spring2018},
  keywords={expository}
}