%\bibitem{Mikhlin}
%    Soloman G. Mikhlin,
%    \emph{On the multipliers of {Fourier} integrals},
%    Dokl. Akad. Nauk,
%    1956.

@article {Peetre,
    AUTHOR = {Peetre, Jaak},
     TITLE = {On spaces of {T}riebel-{L}izorkin type},
   JOURNAL = {Ark. Mat.},
      YEAR = {1975},
}

@article {SoggeCinematic,
    AUTHOR = {Sogge, Christopher D.},
     TITLE = {Propagation of singularities and maximal functions in the
              plane},
   JOURNAL = {Invent. Math.},
  FJOURNAL = {Inventiones Mathematicae},
    VOLUME = {104},
      YEAR = {1991},
    NUMBER = {2},
      ISSN = {0020-9910,1432-1297},
MRREVIEWER = {Min\ You\ Qi},
       DOI = {10.1007/BF01245080},
       URL = {https://doi.org/10.1007/BF01245080},
}

@article {GaoLiuMiaoXi,
    AUTHOR = {Gao, Chuanwei and Liu, Bochen and Miao, Changxing and Xi,
              Yakun},
     TITLE = {Improved local smoothing estimate for the wave equation in
              higher dimensions},
   JOURNAL = {J. Funct. Anal.},
  FJOURNAL = {Journal of Functional Analysis},
    VOLUME = {284},
      YEAR = {2023},
    NUMBER = {9},
      ISSN = {0022-1236,1096-0783},
       DOI = {10.1016/j.jfa.2023.109879},
       URL = {https://doi.org/10.1016/j.jfa.2023.109879},
}

@article {BeltranSaari,
    AUTHOR = {Beltran, David and Saari, Olli},
     TITLE = {{$L^p-L^q$} local smoothing estimates for the wave equation
              via {$k$}-broad {F}ourier restriction},
   JOURNAL = {J. Fourier Anal. Appl.},
  FJOURNAL = {The Journal of Fourier Analysis and Applications},
    VOLUME = {28},
      YEAR = {2022},
    NUMBER = {5},
      ISSN = {1069-5869,1531-5851},
       DOI = {10.1007/s00041-022-09968-w},
       URL = {https://doi.org/10.1007/s00041-022-09968-w},
}

@article {OuWang,
    AUTHOR = {Ou, Yumeng and Wang, Hong},
     TITLE = {A cone restriction estimate using polynomial partitioning},
   JOURNAL = {J. Eur. Math. Soc. (JEMS)},
  FJOURNAL = {Journal of the European Mathematical Society (JEMS)},
    VOLUME = {24},
      YEAR = {2022},
    NUMBER = {10},
      ISSN = {1435-9855,1435-9863},
MRREVIEWER = {Hua\ Wang},
       DOI = {10.4171/jems/1168},
       URL = {https://doi.org/10.4171/jems/1168},
}

@article {Barcelo,
    AUTHOR = {Barcel\'o, Bartolom\'e},
     TITLE = {The restriction of the {F}ourier transform to some curves and
              surfaces},
   JOURNAL = {Studia Math.},
  FJOURNAL = {Polska Akademia Nauk. Instytut Matematyczny. Studia
              Mathematica},
    VOLUME = {84},
      YEAR = {1986},
    NUMBER = {1},
      ISSN = {0039-3223,1730-6337},
MRREVIEWER = {Colin\ C.\ Graham},
       DOI = {10.4064/sm-84-1-39-69},
       URL = {https://doi.org/10.4064/sm-84-1-39-69},
}

@article {Wolff,
    AUTHOR = {Wolff, Thomas},
     TITLE = {A sharp bilinear cone restriction estimate},
   JOURNAL = {Ann. of Math. (2)},
  FJOURNAL = {Annals of Mathematics. Second Series},
    VOLUME = {153},
      YEAR = {2001},
    NUMBER = {3},
      ISSN = {0003-486X,1939-8980},
MRREVIEWER = {Andreas\ Seeger},
       DOI = {10.2307/2661365},
       URL = {https://doi.org/10.2307/2661365},
}

@article {Cladek,
    AUTHOR = {Cladek, Laura},
     TITLE = {Radial {F}ourier multipliers in {$\Bbb R^3$} and {$\Bbb R^4$}},
   JOURNAL = {Anal. PDE},
  FJOURNAL = {Analysis \& PDE},
    VOLUME = {11},
      YEAR = {2018},
    NUMBER = {2},
      ISSN = {2157-5045,1948-206X},
MRREVIEWER = {Dmitry\ Ryabogin},
       DOI = {10.2140/apde.2018.11.467},
       URL = {https://doi.org/10.2140/apde.2018.11.467},
}

@unpublished{BasuGuoZhangZorinKranich,
    author = {Basu, Saugata and Guo, Shaoming and Zhang, Ruixiang and Zorin-Kranich, Pavel},
    title = {A Stationary Set Method For Estimating Oscillatory Integrals},
    year = {arXiv 2021}
}

@unpublished{DensonCharacterization,
    author = {Denson, Jacob},
    title = {Multipliers for spherical harmonic expansions},
    year = {arXiv 2024}
}

@article {DurcikGuoRoos,
    AUTHOR = {Durcik, Polona and Guo, Shaoming and Roos, Joris},
     TITLE = {A polynomial {R}oth theorem on the real line},
   JOURNAL = {Trans. Amer. Math. Soc.},
      YEAR = {2019},
}

@article {Bourgain2,
    AUTHOR = {Bourgain, J.},
     TITLE = {A nonlinear version of {R}oth's theorem for sets of positive
              density in the real line},
   JOURNAL = {J. Analyse Math.},
      YEAR = {1988},
}

@article {KucaOrponenSahlsten,
    AUTHOR = {Kuca, Borys and Orponen, Tuomas and Sahlsten, Tuomas},
     TITLE = {On a continuous {S}\'ark\"ozy-type problem},
   JOURNAL = {Int. Math. Res. Not.},
      YEAR = {2023}
}

@article {FraserGuoPramanik,
    AUTHOR = {Fraser, Robert and Guo, Shaoming and Pramanik, Malabika},
     TITLE = {Polynomial {R}oth theorems on sets of fractional dimensions},
   JOURNAL = {Int. Math. Res. Not.},
  FJOURNAL = {International Mathematics Research Notices.},
      YEAR = {2022},
    NUMBER = {10},
      ISSN = {1073-7928,1687-0247},
MRREVIEWER = {Chun-Kit\ Lai},
       DOI = {10.1093/imrn/rnaa377},
       URL = {https://doi.org/10.1093/imrn/rnaa377},
}

@article {HenriotLabaPramanik,
    AUTHOR = {Henriot, Kevin and {\L}aba, Izabella and Pramanik, Malabika},
     TITLE = {On polynomial configurations in fractal sets},
   JOURNAL = {Anal. PDE},
  FJOURNAL = {Analysis \& PDE},
    VOLUME = {9},
      YEAR = {2016},
    NUMBER = {5},
      ISSN = {2157-5045,1948-206X},
       DOI = {10.2140/apde.2016.9.1153},
       URL = {https://doi.org/10.2140/apde.2016.9.1153},
}

@article {ChanLabaPramanik,
    AUTHOR = {Chan, Vincent and \L aba, Izabella and Pramanik, Malabika},
     TITLE = {Finite configurations in sparse sets},
   JOURNAL = {J. Anal. Math.},
  FJOURNAL = {Journal d'Analyse Math\'ematique},
    VOLUME = {128},
      YEAR = {2016},
      ISSN = {0021-7670,1565-8538},
       DOI = {10.1007/s11854-016-0010-3},
       URL = {https://doi.org/10.1007/s11854-016-0010-3},
}

@incollection {DensonPramanikZahl,
    AUTHOR = {Denson, Jacob and Pramanik, Malabika and Zahl, Joshua},
     TITLE = {Large sets avoiding rough patterns},
 BOOKTITLE = {Harmonic analysis and applications},
      YEAR = {2021}
}

@unpublished{DaiGongGuoZhang,
    author = {Dai, Song and Gong, Liuwei and Guo, Shaoming and Zhang, Ruixiang},
    title = {Oscillatory Integral Operators on Manifolds and Related {K}akeya and {N}ikodym Problems},
    year = {arXiv 2023}
}

@article {Korner,
    AUTHOR = {K\"orner, Thomas W.},
     TITLE = {Fourier transforms of measures and algebraic relations on
              their supports},
   JOURNAL = {Ann. Inst. Fourier (Grenoble)},
  FJOURNAL = {Universit\'e{} de Grenoble. Annales de l'Institut Fourier},
    VOLUME = {59},
      YEAR = {2009},
    NUMBER = {4},
      ISSN = {0373-0956,1777-5310},
MRREVIEWER = {Sundaram\ Thangavelu},
       DOI = {10.5802/aif.2464},
       URL = {https://doi.org/10.5802/aif.2464},
}

@unpublished{DensonFourier,
    author = {Denson, Jacob},
    title = {Large {S}alem sets avoiding nonlinear configurations},
    year = {arXiv 2021}
}

@article {ChangFefferman,
    AUTHOR = {Chang, S.Y.A. and Fefferman, Robert},
     TITLE = {A continuous version of duality of {$H\sp{1}$}\ with {BMO} on
              the bidisc},
   JOURNAL = {Ann. of Math. (2)},
      YEAR = {1980},
}

@article {Guillemin,
    AUTHOR = {Guillemin, Victor},
     TITLE = {Some spectral results for the {L}aplace operator with
              potential on the {$n$}-sphere},
   JOURNAL = {Advances in Math.},
  FJOURNAL = {Advances in Mathematics},
    VOLUME = {27},
      YEAR = {1978},
    NUMBER = {3},
      ISSN = {0001-8708},
MRREVIEWER = {Sh\^ukichi\ Tanno},
       DOI = {10.1016/0001-8708(78)90102-0},
       URL = {https://doi.org/10.1016/0001-8708(78)90102-0},
}

@article {LabaPramanik,
    AUTHOR = {{\L}aba, Izabella and Pramanik, Malabika},
     TITLE = {Arithmetic progressions in sets of fractional dimension},
   JOURNAL = {Geom. Funct. Anal.},
      YEAR = {2009},
}



@article {Shmerkin,
    AUTHOR = {Shmerkin, Pablo},
     TITLE = {Salem sets with no arithmetic progressions},
   JOURNAL = {Int. Math. Res. Not.},
  FJOURNAL = {International Mathematics Research Notices.},
      YEAR = {2017},
    NUMBER = {7},
      ISSN = {1073-7928,1687-0247},
MRREVIEWER = {Tom\ Sanders},
       DOI = {10.1093/imrn/rnw097},
       URL = {https://doi.org/10.1093/imrn/rnw097},
}

@incollection {FraserPramanik,
    AUTHOR = {Fraser, Robert and Pramanik, Malabika},
     TITLE = {Large sets avoiding patterns},
   JOURNAL = {Anal. PDE},
      YEAR = {2018},
}

@article {GarrigosSeeger,
    AUTHOR = {Garrig\'os, Gustavo and Seeger, Andreas},
     TITLE = {Characterizations of {H}ankel multipliers},
   JOURNAL = {Math. Ann.},
  FJOURNAL = {Mathematische Annalen},
    VOLUME = {342},
      YEAR = {2008},
    NUMBER = {1},
      ISSN = {0025-5831,1432-1807},
MRREVIEWER = {Wilfredo\ O.\ Urbina},
       DOI = {10.1007/s00208-008-0221-8},
       URL = {https://doi.org/10.1007/s00208-008-0221-8},
}

@article {HeoNazarovSeeger,
    AUTHOR = {Heo, Yaryong and Nazarov, F\"edor and Seeger, Andreas},
     TITLE = {Radial {F}ourier multipliers in high dimensions},
   JOURNAL = {Acta Math.},
  FJOURNAL = {Acta Mathematica},
    VOLUME = {206},
      YEAR = {2011},
    NUMBER = {1},
      ISSN = {0001-5962,1871-2509},
MRREVIEWER = {Pablo\ Ra\'ul\ Stinga},
       DOI = {10.1007/s11511-011-0059-x},
       URL = {https://doi.org/10.1007/s11511-011-0059-x},
}

@article {KimQuasiradial,
    AUTHOR = {Kim, Jongchon},
     TITLE = {Endpoint bounds for quasiradial {F}ourier multipliers},
   JOURNAL = {Ann. Mat. Pura Appl. (4)},
  FJOURNAL = {Annali di Matematica Pura ed Applicata. Series IV},
    VOLUME = {196},
      YEAR = {2017},
    NUMBER = {3},
      ISSN = {0373-3114,1618-1891},
MRREVIEWER = {Xiang\ Xing\ Tao},
       DOI = {10.1007/s10231-016-0595-2},
       URL = {https://doi.org/10.1007/s10231-016-0595-2},
}

@article {KimManifold,
    AUTHOR = {Kim, Jongchon},
     TITLE = {Endpoint bounds for a class of spectral multipliers in compact
              manifolds},
   JOURNAL = {Indiana Univ. Math. J.},
  FJOURNAL = {Indiana University Mathematics Journal},
    VOLUME = {67},
      YEAR = {2018},
    NUMBER = {2},
      ISSN = {0022-2518,1943-5258},
MRREVIEWER = {Elena\ Cordero},
       DOI = {10.1512/iumj.2018.67.6298},
       URL = {https://doi.org/10.1512/iumj.2018.67.6298},
}

@article {IfrimTataruWaterWaves,
    AUTHOR = {Ifrim, Mihaela and Tataru, Daniel},
     TITLE = {The lifespan of small data solutions in two dimensional capillary water waves},
   JOURNAL = {Arch. Ration. Mech. Anal.},
      YEAR = {2017},
}

@article {IfrimTataruNLS,
    AUTHOR = {Ifrim, Mihaela and Tataru, Daniel},
     TITLE = {Global bounds for the cubic nonlinear {S}chr\"odinger equation
              ({NLS}) in one space dimension},
   JOURNAL = {Nonlinearity},
      YEAR = {2015}
}

@incollection {Mitjagin,
    AUTHOR = {Mitjagin, Boris S.},
     TITLE = {Divergenz von {S}pektralentwicklungen in
              {$L\sb{p}$}-{R}\"aumen},
 BOOKTITLE = {Linear operators and approximation, {II}},
      YEAR = {1974}
}

@incollection {LeeRogersSeeger,
    AUTHOR = {Lee, Sanghyuk and Rogers, Keith M. and Seeger, Andreas},
     TITLE = {Square functions and maximal operators associated with radial
              {F}ourier multipliers},
 BOOKTITLE = {Advances in analysis: the legacy of {E}lias {M}. {S}tein},
    SERIES = {Princeton Math. Ser.},
    VOLUME = {50},
 PUBLISHER = {Princeton Univ. Press, Princeton, NJ},
      YEAR = {2014},
      ISBN = {978-0-691-15941-6},
MRREVIEWER = {Jan-Olav\ R\"onning},
}

@article {Carbery,
    AUTHOR = {Carbery, Anthony and Gasper, George and Trebels, Walter},
     TITLE = {Radial {F}ourier multipliers of {$L\sp{p}({\bf R}\sp{2})$}},
   JOURNAL = {Proc. Nat. Acad. Sci. U.S.A.},
  FJOURNAL = {Proceedings of the National Academy of Sciences of the United
              States of America},
    VOLUME = {81},
      YEAR = {1984},
    NUMBER = {10},
      ISSN = {0027-8424},
MRREVIEWER = {Kenneth\ F.\ Andersen},
       DOI = {10.1073/pnas.81.10.3254},
       URL = {https://doi.org/10.1073/pnas.81.10.3254},
}

@incollection{HormanderRiesz,
    AUTHOR = {H\"ormander, Lars},
     TITLE = {On the {R}iesz means of spectral functions and eigenfunction
              expansions for elliptic differential operators},
 BOOKTITLE = {Some {R}ecent {A}dvances in the {B}asic {S}ciences, {V}ol. 2
              ({P}roc. {A}nnual {S}ci. {C}onf., {B}elfer {G}rad. {S}chool
              {S}ci., {Y}eshiva {U}niv., {N}ew {Y}ork, 1965-1966)},
 PUBLISHER = {Yeshiva University, Belfer Graduate School of Science, New
              York},
      YEAR = {1969},
}



@article {SoggeSpherical,
    AUTHOR = {Sogge, Christopher D.},
     TITLE = {Oscillatory integrals and spherical harmonics},
   JOURNAL = {Duke Math. J.},
  FJOURNAL = {Duke Mathematical Journal},
    VOLUME = {53},
      YEAR = {1986},
    NUMBER = {1},
      ISSN = {0012-7094,1547-7398},
MRREVIEWER = {Douglas\ Kurtz},
       DOI = {10.1215/S0012-7094-86-05303-2},
       URL = {https://doi.org/10.1215/S0012-7094-86-05303-2},
}

@article {Harangi,
    AUTHOR = {Harangi, Viktor and Keleti, Tam\'as and Kiss, Gergely and
              Maga, P\'eter and M\'ath\'e, Andr\'as and Mattila, Pertti and
              Strenner, Bal\'azs},
     TITLE = {How large dimension guarantees a given angle?},
   JOURNAL = {Monatsh. Math.},
  FJOURNAL = {Monatshefte f\"ur Mathematik},
    VOLUME = {171},
      YEAR = {2013},
    NUMBER = {2},
      ISSN = {0026-9255,1436-5081},
MRREVIEWER = {Alain\ Rivi\`ere},
       DOI = {10.1007/s00605-012-0455-0},
       URL = {https://doi.org/10.1007/s00605-012-0455-0},
}

@article {Mathe,
    AUTHOR = {M\'ath\'e, Andr\'as},
     TITLE = {Sets of large dimension not containing polynomial
              configurations},
   JOURNAL = {Adv. Math.},
      YEAR = {2017},
}

@article {Keleti,
    AUTHOR = {Keleti, Tam\'as},
     TITLE = {A 1-dimensional subset of the reals that intersects each of its translates in at most a single point},
   JOURNAL = {Real Anal. Exchange},
  FJOURNAL = {Real Analysis Exchange},
    VOLUME = {24},
      YEAR = {1998/99},
    NUMBER = {2},
      ISSN = {0147-1937,1930-1219},
}

@mastersthesis{DensonThesis,
    AUTHOR = {Denson, Jacob},
    TITLE={Cartesian products avoiding patterns},
    school={University of British Columbia},
    YEAR={2019}
}

@article{PramanikLiang,
    AUTHOR = {Liang, Yiyu and Pramanik, Malabika},
     TITLE = {Fourier dimension and avoidance of linear patterns},
   JOURNAL = {Adv. Math.},
  FJOURNAL = {Advances in Mathematics},
    VOLUME = {399},
      YEAR = {2022},
      ISSN = {0001-8708,1090-2082},
MRREVIEWER = {Chun-Kit\ Lai},
       DOI = {10.1016/j.aim.2022.108252},
       URL = {https://doi.org/10.1016/j.aim.2022.108252},
}

@article{Rudin,
    AUTHOR = {Rudin, Walter},
     TITLE = {Fourier-{S}tieltjes transforms of measures on independent sets},
   JOURNAL = {Bull. Amer. Math. Soc.},
  FJOURNAL = {Bulletin of the American Mathematical Society},
    VOLUME = {66},
      YEAR = {1960},
      ISSN = {0002-9904},
MRREVIEWER = {Edwin\ Hewitt},
       DOI = {10.1090/S0002-9904-1960-10433-8},
       URL = {https://doi.org/10.1090/S0002-9904-1960-10433-8},
}

@article {ChangJaumeGreenfeldJamneshanLiMadrid,
    AUTHOR = {Chang, Alan and de Dios Pont, Jaume and Greenfeld, Rachel and
              Jamneshan, Asgar and Li, Zane Kun and Madrid, Jos\'e},
     TITLE = {Decoupling for fractal subsets of the parabola},
   JOURNAL = {Math. Z.},
  FJOURNAL = {Mathematische Zeitschrift},
    VOLUME = {301},
      YEAR = {2022},
    NUMBER = {2},
      ISSN = {0025-5874,1432-1823},
MRREVIEWER = {Peter\ R.\ Massopust},
       DOI = {10.1007/s00209-021-02950-0},
       URL = {https://doi.org/10.1007/s00209-021-02950-0},
}

@article {LabaWang,
    AUTHOR = {{\L}aba, Izabella and Wang, Hong},
     TITLE = {Decoupling and near-optimal restriction estimates for {C}antor
              sets},
   JOURNAL = {Int. Math. Res. Not.},
  FJOURNAL = {International Mathematics Research Notices.},
      YEAR = {2018},
    NUMBER = {9},
      ISSN = {1073-7928,1687-0247},
MRREVIEWER = {Alexander\ Ulanovski\u i},
       DOI = {10.1093/imrn/rnw327},
       URL = {https://doi.org/10.1093/imrn/rnw327},
}

@article {Bourgain,
    AUTHOR = {Bourgain, Jean},
     TITLE = {Bounded orthogonal systems and the {$\Lambda(p)$}-set problem},
   JOURNAL = {Acta Math.},
      YEAR = {1989}
}

@article {Talagrand,
    AUTHOR = {Talagrand, Michel},
     TITLE = {Sections of smooth convex bodies via majorizing measures},
   JOURNAL = {Acta Math.},
      YEAR = {1995}
}

@article {BourgainDemeterStudyGuide,
    AUTHOR = {Bourgain, Jean and Demeter, Ciprian},
     TITLE = {A study guide for the {$l^2$} decoupling theorem},
   JOURNAL = {Chinese Ann. Math. Ser. B},
      YEAR = {2017},
}

@article {DuZhang,
    AUTHOR = {Du, Xiumin and Zhang, Ruixiang},
     TITLE = {Sharp {$L^2$} estimates of the {S}chr\"odinger maximal
              function in higher dimensions},
   JOURNAL = {Ann. of Math. (2)},
  FJOURNAL = {Annals of Mathematics. Second Series},
    VOLUME = {189},
      YEAR = {2019},
      ISSN = {0003-486X,1939-8980},
MRREVIEWER = {Dong\ Dong},
       DOI = {10.4007/annals.2019.189.3.4},
       URL = {https://doi.org/10.4007/annals.2019.189.3.4},
}








@article{Grimaldi,
    author = {Funar, Louis and Grimaldi, Renata},
    title = {The Ends of Manifolds With Bounded Geometry, Linear Growth and Finite Filling Area},
    journal = {Geom. Dedicata},
    volume = {104},
    year = {2004},
}

@article{Douglas,
    author = {Douglas, Jesse},
    title = {The General Geometry of Paths},
    journal = {Ann. of Math. (2)},
    volume = {29},
    year = {1927},
}

@article{AkbarZadeh,
    author = {Akbar-Zadeh, Hassan},
    title = {Sur les espaces de Finsler à courbures sectionnelles constantes},
    journal = {Acad. Roy. Belg. Bull. Cl. Sci. (5)},
    volume = {74},
    year = {1988},
}

@article{Pfeifer,
    author = {Pfeifer, Christian},
    title = {The Tangent Bundle Exponential Map and Locally Autoparallel Coordinates for General Connections on the Tangent Bundle with Applications to {F}insler Geometry},
    journal = {Int. J. Geom. Methods Mod. Phys},
    volume = {13},
    year = {2016}
}

@article{Thomas,
    author = {Thomas, Joseph Miller},
    title = {On Normal Coordinates in the Geometry of Paths},
    journal = {Proc. Natl. Acad. Sci. USA},
    volume = {12},
    year = {1926},
}

@article{Hormander2,
    author = {H\"{o}rmander, Lars},
    title = {The Spectral Function of an Elliptic Operator},
    journal = {Act Math.},
    year = {1968}
}

@article{Hormander1,
    author = {H\"{o}rmander, Lars},
    title = {Estimates for translation invariant operators in {$L^p$} spaces},
    journal = {Acta Math.},
    volume = {104},
    year = {1960},
}

@article {Fefferman,
    AUTHOR = {Fefferman, Charles},
     TITLE = {The multiplier problem for the ball},
   JOURNAL = {Ann. of Math. (2)},
  FJOURNAL = {Annals of Mathematics. Second Series},
    VOLUME = {94},
      YEAR = {1971},
      ISSN = {0003-486X},
MRREVIEWER = {R.\ Larsen},
       DOI = {10.2307/1970864},
       URL = {https://doi.org/10.2307/1970864},
}

@book{Besse,
    author = {Besse, Arthur L.},
    title = {Manifolds all of whose Geodesics are Closed},
    year = {1978},
    publisher = {Springer Berlin, Heidelberg},
    volume = {93},
    series = {A Series of Modern Surveys in Mathematics}
}

@article{KenigStantonTomas,
    author = {Kenig, Carlos E. and Stanton, Robert J. and Tomas, Peter A.},
    title = {Divergence of Eigenfunction Expansions},
    journal = {J. Funct. Anal.},
    year = {1982},
}

@article{Dappa,
    author = {Dappa, Henry},
    title = {Quasi-radial Multipliers},
    journal = {Studia Math.},
    volume = {84},
    number = {1},
    year = {1986},
}

@article{SoggeRieszMeans,
    author = {Sogge, Christopher D.},
    title = {On the Convergence of {R}iesz Means on Compact Manifolds},
    journal = {Ann. of Math. (2)},
    volume = {126},
    number = {3},
    year = {1987},
}

@article{SoggeSpectralClusters,
    author = {Sogge, Christopher D.},
    title = {Concerning the {$L^p$} norm of spectral clusters for second order elliptic operators on compact manifolds},
    journal = {J. Funct. Anal.},
    volume = {77},
    year = {1988},
}

@book{HeinzHopf,
    author = {Hopf, Heinz},
    title = {Differential Geometry in the Large},
    year = {1989},
    publisher = {Springer-Verlag},
    volume = {1000},
    series = {Lectures Notes in Mathematics}
}

@book{BaoChern,
    author = {Bao, D. and Chern S.-S. and Shen Z.},
    title = {An Introduction to {R}iemann-{F}insler Geometry},
    year = {2000},
    publisher = {Springer-Verlag},
    volume = {200},
    series = {Graduate Texts in Mathematics}
}

@article{SeegerEndpointEstimatesManifold,
    author = {Seeger, Andreas},
    title = {Endpoints Estimates for Multiplier Transformations on Compact Manifolds},
    journal = {Indiana Univ. Math. J.},
    volume = {40},
    number = {2},
    year = {1991},
}

@article{SeegerSoggeStein,
    author = {Seeger, Andreas and Sogge, Christopher D. and Stein, Elias M.},
    title = {Regularity Properties of {F}ourier Integral Operators},
    journal = {Ann. of Math. (2)},
    volume = {134},
    number = {2},
    year = {1991},
}

@article {BonamiClerc,
    AUTHOR = {Bonami, Aline and Clerc, Jean-Louis},
     TITLE = {Sommes de {C}es\`aro et multiplicateurs des d\'eveloppements
              en harmoniques sph\'eriques},
   JOURNAL = {Trans. Amer. Math. Soc.},
  FJOURNAL = {Transactions of the American Mathematical Society},
    VOLUME = {183},
      YEAR = {1973},
      ISSN = {0002-9947,1088-6850},
MRREVIEWER = {G.\ Weiss},
       DOI = {10.2307/1996468},
       URL = {https://doi.org/10.2307/1996468},
}

@article {ColinDeVerdiere,
    AUTHOR = {Colin de Verdi\`ere, Yves},
     TITLE = {Sur le spectre des op\'erateurs elliptiques \`a{}
              bicaract\'eristiques toutes p\'eriodiques},
   JOURNAL = {Comment. Math. Helv.},
  FJOURNAL = {Commentarii Mathematici Helvetici},
    VOLUME = {54},
      YEAR = {1979},
    NUMBER = {3},
      ISSN = {0010-2571,1420-8946},
MRREVIEWER = {M.\ S.\ Agranovich},
       DOI = {10.1007/BF02566290},
       URL = {https://doi.org/10.1007/BF02566290},
}



@article {LiuWang,
    AUTHOR = {Liu, Heping and Wang, Min},
     TITLE = {Boundedness of the bilinear {B}ochner-{R}iesz means in the
              non-{B}anach triangle case},
   JOURNAL = {Proc. Amer. Math. Soc.},
  FJOURNAL = {Proceedings of the American Mathematical Society},
    VOLUME = {148},
      YEAR = {2020},
    NUMBER = {3},
      ISSN = {0002-9939,1088-6826},
MRREVIEWER = {Hua\ Wang},
       DOI = {10.1090/proc/14819},
       URL = {https://doi.org/10.1090/proc/14819},
}

@article {BernicotGrafakos,
    AUTHOR = {Bernicot, Fr\'ed\'eric and Grafakos, Loukas and Song, Liang
              and Yan, Lixin},
     TITLE = {The bilinear {B}ochner-{R}iesz problem},
   JOURNAL = {J. Anal. Math.},
  FJOURNAL = {Journal d'Analyse Math\'ematique},
    VOLUME = {127},
      YEAR = {2015},
      ISSN = {0021-7670,1565-8538},
MRREVIEWER = {Huoxiong\ Wu},
       DOI = {10.1007/s11854-015-0028-y},
       URL = {https://doi.org/10.1007/s11854-015-0028-y},
}

@article {SeegerSoggeBochnerRiesz,
    AUTHOR = {Seeger, A. and Sogge, C. D.},
     TITLE = {Bounds for eigenfunctions of differential operators},
   JOURNAL = {Indiana Univ. Math. J.},
  FJOURNAL = {Indiana University Mathematics Journal},
    VOLUME = {38},
      YEAR = {1989},
    NUMBER = {3},
      ISSN = {0022-2518,1943-5258},
MRREVIEWER = {M.\ S.\ Agranovich},
       DOI = {10.1512/iumj.1989.38.38031},
       URL = {https://doi.org/10.1512/iumj.1989.38.38031},
}

@article{SeegerSogge,
    author = {Seeger, Andreas and Sogge, Christopher D.},
    title = {On the Boundedness of Functions of (Pseudo) Differential Operators on Compact Manifolds},
    journal = {Duke Math J.},
    volume = {59},
    number = {3},
    year = {1989},
}

@article{Strichartz,
    author = {Strichartz, Robert S.},
    title = {A Functional Calculus For Elliptic Pseudo-differential Operators},
    journal = {Amer. J. Math},
    volume = {94},
    number = {3},
    year = {1972},
}

@misc{Gallier,
    author = {Gallier, Jean},
    title = {Notes on Spherical Harmonics and Linear Representations of {L}ie Groups},
    year = {2013}
}

@article{Minicozzi,
    author = {Minicozzi, William P. and Sogge, Christopher D.},
    title = {Negative Results for {N}ikodym Maximal Functions and Related Oscillatory Integrals in Curved Spaces},
    journal = {Math. Res. Lett.},
    volume = {4},
    number = {2},
    year = {2000},
}

@article{Tao,
    author = {Tao, Terence},
    title = {The {B}ochner-{R}iesz implies the Restriction Conjecture},
    journal = {Duke Math. J.},
    volume = {96},
    number = {1},
    year = {1999},
}

@article{GarrigosandSeeger,
    author = {Garrig\'{o}s, Gustavo and Seeger, Andreas},
    title = {Characterizations of {H}ankel Multipliers},
    journal = {Math. Ann.},
    volume = {342},
    number = {1},
    year = {2008},
}

@article{HeoandNazarovandSeeger,
    author = {Heo, Yaryong and Nazarov, Fedor and Seeger, Andreas},
    title = {Radial {F}ourier Multipliers in High Dimensions},
    journal = {Acta Math.},
    volume = {206},
    number = {1},
    year = {2011},
}

@article{BourgainandGuth,
    author = {Bourgain, Jean and Guth, Larry},
    title = {Bounds on Oscillatory Integral Operators Based on Multilinear Estimates},
    journal = {Geom. Funct. Anal.},
    volume = {21},
    number = {6},
    year = {2011},
}

@unpublished {IfrimTataru0,
    AUTHOR = {Ifrim, Mihaela and Tataru, Daniel},
     TITLE = {Global solution for cubic quasilinear {S}chr\"{o}dinger flows in two and higher dimensions},
      YEAR = {2024}
}

@unpublished {IfrimTataruIV,
    author = {Ifrim, Mihaela and Tataru, Daniel},
    title = {Global Solution For Cubic Quasilinear {S}chr\"{o}dinger flows in two and higher dimensions, Part IV: General Dispersion Relations},
    year = {2024}
}

@article {Schlue,
    AUTHOR = {Schlue, Volker},
     TITLE = {Decay of linear waves on higher-dimensional {S}chwarzschild
              black holes},
   JOURNAL = {Anal. PDE},
      YEAR = {2013},
}

@article {IfrimTataru,
    AUTHOR = {Ifrim, Mihaela and Tataru, Daniel},
     TITLE = {Long time solutions for 1d cubic dispersive equations, {P}art
              {II}: {T}he focusing case},
   JOURNAL = {Vietnam J. Math.},
  FJOURNAL = {Vietnam Journal of Mathematics},
    VOLUME = {52},
      YEAR = {2024},
    NUMBER = {3},
     PAGES = {597--614},
      ISSN = {2305-221X,2305-2228},
   MRCLASS = {35Q55 (35B40)},
  MRNUMBER = {4759358},
       DOI = {10.1007/s10013-023-00660-0},
       URL = {https://doi.org/10.1007/s10013-023-00660-0},
}

@article{HeoandYang,
    author = {Heo, Yaryong and Yang, Chan Woo},
    title = {Local Smoothing Estimates for some Half-Wave Operators},
    journal = {J. Math. Anal. Appl.},
    volume = {381},
    number = {2},
    year = {2011},
}

@article{Zahl2,
    author = {Zahl, Joshua},
    title = {On the {W}olff Circular Maximal Function},
    journal = {Illinois J. Math.},
    volume = {56},
    number = {4},
    year = {2012},
}

@article{LeeSeeger,
    author = {Lee, Sanghyuk and Seeger, Andreas},
    title = {{L}ebesgue Space Estimates for a class of {F}ourier Integral Operators Associated With Wave Propogation},
    journal = {Math. Nachr.},
    volume = {286},
    number = {7},
    year = {2013},
}

@phdthesis{Alladi,
    author = {Alladi, Sriram},
    year = {2015},
    title = {A Multiplier Theorem for Ultraspherical Polynomials},
    school = {University of Wisconsin-Madison}
}

@article{Bott,
    author = {Bott, Raoul},
    title = {On Manifolds all of whose Geodesics are Closed},
    journal = {Ann. of Math.},
    volume = {60},
    number = {3},
    year = {1954},
}

@article{Weinstein,
    author = {Weinstein, Alan},
    title = {On the Volume of Manifolds all of whose Geodesics are Closed},
    journal = {J. Diff. Geom.},
    volume = {9},
    year = {1974}
}

@article{KimSpectral,
    author = {Kim, Jongchon},
    title = {Endpoint Bounds for a Class of Spectral Multipliers on Compact Manifolds},
    journal = {Indiana Univ. Math. J.},
    volume = {67},
    number = {2},
    year = {2018},
}

@article{KatzandRogers,
    author = {Katz, Nets Hawk and Rogers, Keith M.},
    title = {On the Polynomial {W}olff Axioms},
    journal = {Geom. Funct. Anal.},
    volume = {28},
    number = {6},
    year = {2018},
}
(ArXiV 2018)

@InProceedings{BeltranandHickmanandSogge,
    author = {Beltran, David and Hickman, Jonathan and Sogge, Christopher D.},
    title = {Sharp Local Smoothing Estimates for {F}ourier Integral Operators},
    booktitle="Geometric Aspects of Harmonic Analysis",
    year = {2021},
}

@article{GuthandWangandZhang,
    author = {Guth, Larry and Wang, Hong and Zhang, Ruixiang},
    title = {A Sharp Square Function Estimate for the Cone in {$\mathbb{R}^3$}},
    journal = {Ann. of Math.},
    volume = {192},
    number = {2},
    year = {2020},
}

@article{Zelditch,
    author = {Zelditch, Steven},
    title = {Maximally Degenerate {L}aplacians},
    journal = {Ann. Inst. Fourier, Grenoble},
    volume = {46},
    number = {2},
    year = {1996},
}

@unpublished{Ortiz,
    author = {Ortiz, Alexander},
    title = {A Sharp Weighted {F}ourier Extension Estimate For The Cone In $\mathbb{R}^3$ Based On Circle Tangencies},
    howpublished = {"\url{https://arxiv.org/abs/2307.11731}"},
    year = {arXiv 2024}
}

@unpublished{GuoandOhandWangandWuandZhang,
    author = {Guo, Shaoming and Oh, Changkeun and Wang, Hong and Wu, Shukun and Zhang, Ruixiang},
    title = {The {B}ochner-{R}iesz Problem: An Old Approach Revisited},
    howpublished = {"\url{https://arxiv.org/abs/2104.11188}"},
    year = {ArXiv 2021},
    note = {Arxiv Preprint}
}

@unpublished{Casado,
    author = {Lezcano-Casado, Mario},
    title = {Curvature-Dependant Global Convergence Rates For Optimizatation On Manifolds Of Bounded Geometry},
    howpublished = {"\url{https://arxiv.org/abs/2008.02517}"},
    year = {arXiv 2020}
}

@article{Zahl,
    author = {Zahl, Joshua},
    title = {Sphere Tangencies, Line Incidences, and {L}ie's Line-Sphere Correspondence},
    journal = {Math. Proc. Cambridge Philos. Soc.},
    volume = {172},
    number = {2},
    year = {2021},
}
(ArXiv 2021)

@book{DemeterBook,
    author = {Demeter, Ciprian},
    title = {{F}ourier Restriction, Decoupling, and Applications},
    year = {2019},
    publisher = {Cambridge Studies in Advanced Mathematics}
}

@book{Hormander4,
    author = {H\"{o}rmander, Lars},
    title = {The Analysis of Linear Partial Differential Operators {IV}: {F}ourier Integral Operators},
    year = {1985},
    publisher = {Springer Verlag}
}

@book{Treves2,
    author = {Treves, François},
    year = {1980},
    title = {Introduction to Pseudodifferential and {F}ourier Integral Operators},
    volume = {2},
    publisher = {Plenum Press}
}







@book{Cheeger,
    author = {Cheeger, Jeff and Ebin, David G.},
    year = {1975},
    title = {Comparison Theorems in {R}iemannian Geometry},
    publisher = {The American Mathematical Society}
}

@book{Katok,
    author = {Katok, Svetlana},
    year = {1992},
    title = {Fuchsian Groups},
    publisher = {The University of Chicago Press}
}

@article {Laba2,
    AUTHOR = {{\L}aba, Izabella},
     TITLE = {Maximal operators and decoupling for {$\Lambda(p)$} {C}antor
              measures},
   JOURNAL = {Ann. Fenn. Math.},
  FJOURNAL = {Annales Fennici Mathematici},
    VOLUME = {46},
      YEAR = {2021},
    NUMBER = {1},
      ISSN = {2737-0690,2737-114X},
       DOI = {10.5186/aasfm.2021.4612},
       URL = {https://doi.org/10.5186/aasfm.2021.4612},
}

@book{Robinson,
    author = {Robinson, Horatio},
    year = {1880},
    title = {Elements of Plane and Spherical Trigonometry},
    publisher = {Ivison, Blakeman, Taylor and Company}
}

@book{Grafakos,
    author = {Grafakos, Loukas},
    year = {2014},
    title = {Classical {F}ourier Analysis},
    publisher = {Springer}
}

@book{Sogge,
    author = {Sogge, Christopher D.},
    year = {2017},
    title = {{F}ourier Integrals in Classical Analysis},
    publisher = {Cambridge University Press}
}

@article {ChristandSogge,
    AUTHOR = {Christ, F. M. and Sogge, C. D.},
     TITLE = {The weak type {$L^1$} convergence of eigenfunction expansions
              for pseudodifferential operators},
   JOURNAL = {Invent. Math.},
  FJOURNAL = {Inventiones Mathematicae},
    VOLUME = {94},
      YEAR = {1988},
    NUMBER = {2},
      ISSN = {0020-9910,1432-1297},
MRREVIEWER = {G.\ V.\ Rozenblum},
       DOI = {10.1007/BF01394331},
       URL = {https://doi.org/10.1007/BF01394331},
}

@book{Spivak1,
    author = {Spivak, Michael},
    year = {1999},
    title = {A Comprehensive Introduction to Differential Geometry},
    publisher = {Publish or Perish},
    volume = {2}
}

@book{Spivak2,
    author = {Spivak, Michael},
    year = {1999},
    title = {A Comprehensive Introduction to Differential Geometry},
    publisher = {Publish or Perish},
    volume = {2}
}