

\begin{thebibliography}{9}

\bibitem{OurPaper}
    Jacob Denson, Malabika Pramanik, Joshua Zahl,
    \textit{Large sets avoiding rough patterns}.

\bibitem{MyThesis}
    Jacob Denson,
    \textit{Cartesian products avoiding patterns}.

@mastersthesis{MyThesis,
	series={Electronic Theses and Dissertations (ETDs) 2008+},
	title={Cartesian products avoiding patterns},
	url={https://open.library.ubc.ca/collections/ubctheses/24/items/1.0387448},
	DOI={http://dx.doi.org/10.14288/1.0387448}, school={University of British Columbia},
	author={Denson, Jacob},
	year={2019},
	collection={Electronic Theses and Dissertations (ETDs) 2008+}}

@InBook{OurPaper,
	author = {Denson, Jacob and Pramanik, Malabika and Zahl, Joshua},
	title = {Large Sets avoiding rough patterns},
	booktitle="Harmonic Analysis and Applications",
	volume = {168},
	year = {2021},
	pages = {59-75}
}

@article{LabaPramanik,
	author = {Łaba, Izabella and Pramanik, Malabika},
	title = {Arithmetic Progressions in Sets of Fractional Dimension},
	journal = {Geom. Funct. Anal.},
	volume = {19},
	issue = {2},
	year = {2009},
	pages = {429-456}
}

@article{HenriotLabaPramanik,
	author = {Henriot, Kevin and Łaba, Izabella and Pramanik, Malabika},
	title = {On Polynomial Configurations in Fractal Sets},
	journal = {Anal. PDE},
	volume = {9},
	issue = {5},
	year = {2016},
	pages = {1153-1184}
}

@article{ChanLabaPramanik,
	author = {Chan, Vincent and Łaba, Izabella and Pramanik, Malabika},
	title = {Finite configurations in Sparse Sets},
	journal = {J. Anal. Math.},
	volume = {128},
	issue = {1},
	year = {2016},
	pages = {289-335}
}


@article{Ekstrom2014,
	author = {Ekstr\"{o}m, Fredrik and Persson, Tomas and Schmeling, J\"{o}rg},
	title = {On the {F}ourier Dimension and a Modification},
	journal = {J. Fractal Geom.},
	volume = {2},
	issue = {3},
	year = {2015},
	pages = {309-337}
}


@misc{VanHandel,
	author = {van Handel, Ramon},
	year = {2016},
	title = {Probability in High Dimensions},
	howpublished = {"https://web.math.princeton.edu/~rvan/APC550.pdf"}
}


@article{Korner1,
	author = {K\"{o}rner, T.W.},
	title = {Measures on Independent Sets, A Quantitative Version of {R}udin's Theorem},
    journal = {Proc. Amer. Math. Soc.},
    volume = {135},
	issue = {12},
	year = {2007},
	pages = {3823-3832}
}

@article{Korner2,
	author = {K\"{o}rner, Thomas W.},
	title = {{F}ourier transforms of measures and algebraic relations on their supports},
	journal = {Ann. Inst. Fourier (Grenoble)},
	volume = {59},
	issue = {4},
	year = {2009},
	pages = {1291-1319}
}

@article{LiangPramanik,
	author = {Liang, Yiyu and Pramanik, Malabika},
	title = {{F}ourier Dimension and avoidance of linear patterns},
	howpublished = {"\url{https://arxiv.org/pdf/2006.10941.pdf}"},
	year = {2020}
}

%\bibitem{Mattila}
%    Pertti Mattila,
%    \textit{Geometry of sets and measures in {E}uclidean Spaces},
%    1995.

%\bibitem{Rudin}
%    Walter Rudin,
%    \textit{{F}ourier-{S}tieltjes transforms of measures on independent sets},
%    Bull. Amer. Math (66) (1960) 199-202,
%    1960.

@article{Schmerkin2,
	author = {Schmerkin, Pablo and Suomala, Ville},
	title = {Patterns in Random Fractals},
	journal = {Amer. J. Math.},
	volume = {142},
	issue = {3},
	year = {2020},
	pages = {683-749}
}

@article{Schmerkin,
	author = {Schmerkin, Pablo},
	title = {{S}alem Sets with no arithmetic progressions},
	journal = {Int. Math. Res. Not. IMRN},
	volume = {2017},
	issue = {7},
	year = {2017},
	pages = {1929-1941}
}

@book{Stein,
	author = {Stein, Elias},
	year = {1993},
	title = {Harmonic Analysis: Real-Variable Methods, Orthogonality, and Oscillatory Integrals},
	publisher = {Princeton University Press}
}


@article{Keleti,
	author = {Keleti, Tam\'{a}s},
	title = {A 1-dimensional subset of the reals that intersects each of its translates in at most a single point},
	journal = {Real Anal. Exchange},
	volume = {24},
	issue = {2},
	year = {1999},
	pages = {843-845}
}

@article{PramanikFraser,
	author = {Fraser, Robert and Pramanik, Malabika},
	title = {Large sets avoiding patterns},
	journal = {Anal. PDE},
	volume = {11},
	issue = {5},
	year = {2018},
	pages = {1083-1111}
}

@article{Mathe,
	author = {M\'{a}th\'{e}, Andr\'{a}s},
	title = {Sets of large dimension not containing polynomial configurations},
	journal = {Adv. Math.},
	volume = {316},
	year = {2017},
	pages = {691-709}
}

@book{MattilaFourier,
	author = {Mattila, Pertti},
	year = {2015},
	title = {Fourier analysis and {Hausdorff} dimension},
	publisher = {Cambridge University Press}
}

book{Vershynin,
	author = {Vershynin, Roman},
	year = {2018},
	title = {High-Dimensional Probability: An Introduction with Applications to Data Science},
	publisher = {Cambridge Series in Statistical and Probabilistic Mathematics}
}

book{AthreyaTextbook,
	author = {Athreya, Krishna and Ney, Peter},
	year = {1972},
	title = {Branching Processes},
	publisher = {Grundlehren der mathematischen Wissenschaften}
}

@book{Harris,
	author = {Harris, Theodore},
	year = {1963},
	title = {The Theory of Branching Processes},
	publisher = {Springer-Verlag}
}

@book{Falconer,
	author = {Falconer, Kenneth},
	year = {2003},
	title = {Fractal Geometry: Mathematical Foundations and Applications},
	publisher = {Wiley}
}

@article{BaloghMorrisSamotij,
	author = {Balogh, J\'{o}zsef and Morris, Robert and Samotij, Wojciech},
	title = {Independent sets in hypergraphs},
	journal = {J. Amer. Math. Soc.},
	volume = {28},
	issue = {3},
	year = {2015},
	pages = {669-709}
}

@article{KatzTao,
	author = {Katz, Nets Hawk and Tao, Terrence},
	title = {Some connections between {Falconer's} distance set conjecture, and sets of {Furstenburg} type},
	journal = {New York J. Math.},
	volume = {7},
	year = {2001},
	pages = {149-187}
}

article{KestenStigum,
	author = {Kesten, Harry and Stigum, Bernt},
	title = {A limit theorem for multidimensional {Galton}-{Watson} processes},
	journal = {Ann. Math. Statist.},
	volume = {37},
	issue = {5},
	year = {1966},
	pages = {1211-1223}
}

@article{Maga,
	author = {Maga, P\'{e}ter},
	title = {Full dimensional sets without given patterns},
	journal = {Real Anal. Exchange},
	volume = {36},
	issue = {1},
	year = {2010},
	pages = {79-90}
}

@article{Athreya,
	author = {Athreya, Krishna},
	title = {Large deviation rates for branching processes--I. Single Type Case},
	journal = {Ann. Appl. Probab.},
	volume = {4},
	issue = {3},
	year = {1994},
	pages = {779-790}
}

@article{Biggins,
	author = {Biggins, J.D. and Bingham, N.H},
	title = {Large deviations in the supercritical branching process},
	journal = {Adv. in Appl. Probab.},
	volume = {25},
	issue = {4},
	pages = {757-772}
}