%\bibitem{Mikhlin}
%    Soloman G. Mikhlin,
%    \emph{On the multipliers of {Fourier} integrals},
%    Dokl. Akad. Nauk,
%    1956.

@article {Cladek,
    AUTHOR = {Cladek, Laura},
     TITLE = {Radial {F}ourier multipliers in {$\Bbb R^3$} and {$\Bbb R^4$}},
   JOURNAL = {Anal. PDE},
  FJOURNAL = {Analysis \& PDE},
    VOLUME = {11},
      YEAR = {2018},
    NUMBER = {2},
     PAGES = {467--498},
      ISSN = {2157-5045,1948-206X},
   MRCLASS = {42B15},
  MRNUMBER = {3724494},
MRREVIEWER = {Dmitry\ Ryabogin},
       DOI = {10.2140/apde.2018.11.467},
       URL = {https://doi.org/10.2140/apde.2018.11.467},
}

@unpublished{DensonCharacterization,
    author = {Denson, Jacob},
    title = {Multipliers of Spherical Harmonics},
    year = {2024}
}

@incollection {DensonPramanikZahl,
    AUTHOR = {Denson, Jacob and Pramanik, Malabika and Zahl, Joshua},
     TITLE = {Large sets avoiding rough patterns},
 BOOKTITLE = {Harmonic analysis and applications},
    SERIES = {Springer Optim. Appl.},
    VOLUME = {168},
     PAGES = {59--75},
 PUBLISHER = {Springer, Cham},
      YEAR = {2021},
      ISBN = {978-3-030-61887-2; 978-3-030-61886-5},
   MRCLASS = {28A75 (28A80)},
  MRNUMBER = {4238597},
MRREVIEWER = {Stefan\ Steinerberger},
       DOI = {10.1007/978-3-030-61887-2\_4},
       URL = {https://doi.org/10.1007/978-3-030-61887-2_4},
}

@unpublished{DaiGongGuoZhang,
    author = {Dai, Song and Gong, Liuwei and Guo, Shaoming and Zhang, Ruixiang},
    title = {Oscillatory Integral Operators on Manifolds and Related {K}akeya and {N}ikodym Problems},
    year = {2023}
}

@unpublished{DensonFourier,
    author = {Denson, Jacob},
    title = {Large {S}alem Sets Avoiding Nonlinear Configurations},
    year = {2021}
}

@article {ChangFefferman,
    AUTHOR = {Chang, Sun-Yung A. and Fefferman, Robert},
     TITLE = {A continuous version of duality of {$H\sp{1}$}\ with {BMO} on
              the bidisc},
   JOURNAL = {Ann. of Math. (2)},
  FJOURNAL = {Annals of Mathematics. Second Series},
    VOLUME = {112},
      YEAR = {1980},
    NUMBER = {1},
     PAGES = {179--201},
      ISSN = {0003-486X},
   MRCLASS = {32A35 (42B30)},
  MRNUMBER = {584078},
MRREVIEWER = {A.\ B.\ Aleksandrov},
       DOI = {10.2307/1971324},
       URL = {https://doi.org/10.2307/1971324},
}

@article {Guillemin,
    AUTHOR = {Guillemin, Victor},
     TITLE = {Some spectral results for the {L}aplace operator with
              potential on the {$n$}-sphere},
   JOURNAL = {Advances in Math.},
  FJOURNAL = {Advances in Mathematics},
    VOLUME = {27},
      YEAR = {1978},
    NUMBER = {3},
     PAGES = {273--286},
      ISSN = {0001-8708},
   MRCLASS = {58G15 (58G99)},
  MRNUMBER = {478245},
MRREVIEWER = {Sh\^ukichi\ Tanno},
       DOI = {10.1016/0001-8708(78)90102-0},
       URL = {https://doi.org/10.1016/0001-8708(78)90102-0},
}

@article {LabaPramanik,
    AUTHOR = {{\L}aba, Izabella and Pramanik, Malabika},
     TITLE = {Arithmetic progressions in sets of fractional dimension},
   JOURNAL = {Geom. Funct. Anal.},
  FJOURNAL = {Geometric and Functional Analysis},
    VOLUME = {19},
      YEAR = {2009},
    NUMBER = {2},
     PAGES = {429--456},
      ISSN = {1016-443X,1420-8970},
   MRCLASS = {28A78 (11B25 42A38 42A45)},
  MRNUMBER = {2545245},
MRREVIEWER = {K.\ Gowri\ Navada},
       DOI = {10.1007/s00039-009-0003-9},
       URL = {https://doi.org/10.1007/s00039-009-0003-9},
}

@article {Schmerkin,
    AUTHOR = {Shmerkin, Pablo},
     TITLE = {Salem sets with no arithmetic progressions},
   JOURNAL = {Int. Math. Res. Not. IMRN},
  FJOURNAL = {International Mathematics Research Notices. IMRN},
      YEAR = {2017},
    NUMBER = {7},
     PAGES = {1929--1941},
      ISSN = {1073-7928,1687-0247},
   MRCLASS = {11B30 (28A80)},
  MRNUMBER = {3658188},
MRREVIEWER = {Tom\ Sanders},
       DOI = {10.1093/imrn/rnw097},
       URL = {https://doi.org/10.1093/imrn/rnw097},
}

@incollection {FraserPramanik,
    AUTHOR = {Fraser, Robert and Pramanik, Malabika},
     TITLE = {Large sets avoiding patterns},
   JOURNAL = {Anal. PDE},
  FJOURNAL = {Analysis \& PDE},
    VOLUME = {11},
      YEAR = {2018},
    NUMBER = {5},
     PAGES = {1083--1111},
      ISSN = {2157-5045,1948-206X},
   MRCLASS = {28A78 (05A05 26B10 28A80)},
  MRNUMBER = {3785600},
MRREVIEWER = {Zhiyong\ Zhu},
       DOI = {10.2140/apde.2018.11.1083},
       URL = {https://doi.org/10.2140/apde.2018.11.1083},
}

@article {GarrigosSeeger,
    AUTHOR = {Garrig\'os, Gustavo and Seeger, Andreas},
     TITLE = {Characterizations of {H}ankel multipliers},
   JOURNAL = {Math. Ann.},
  FJOURNAL = {Mathematische Annalen},
    VOLUME = {342},
      YEAR = {2008},
    NUMBER = {1},
     PAGES = {31--68},
      ISSN = {0025-5831,1432-1807},
   MRCLASS = {42B15 (44A15 46E15 47B38)},
  MRNUMBER = {2415314},
MRREVIEWER = {Wilfredo\ O.\ Urbina},
       DOI = {10.1007/s00208-008-0221-8},
       URL = {https://doi.org/10.1007/s00208-008-0221-8},
}

@article {HeoNazarovSeeger,
    AUTHOR = {Heo, Yaryong and Nazarov, F\"edor and Seeger, Andreas},
     TITLE = {Radial {F}ourier multipliers in high dimensions},
   JOURNAL = {Acta Math.},
  FJOURNAL = {Acta Mathematica},
    VOLUME = {206},
      YEAR = {2011},
    NUMBER = {1},
     PAGES = {55--92},
      ISSN = {0001-5962,1871-2509},
   MRCLASS = {42B15 (35B45 35B65 35L05 42B25 47B38)},
  MRNUMBER = {2784663},
MRREVIEWER = {Pablo\ Ra\'ul\ Stinga},
       DOI = {10.1007/s11511-011-0059-x},
       URL = {https://doi.org/10.1007/s11511-011-0059-x},
}

@article {KimQuasiradial,
    AUTHOR = {Kim, Jongchon},
     TITLE = {Endpoint bounds for quasiradial {F}ourier multipliers},
   JOURNAL = {Ann. Mat. Pura Appl. (4)},
  FJOURNAL = {Annali di Matematica Pura ed Applicata. Series IV},
    VOLUME = {196},
      YEAR = {2017},
    NUMBER = {3},
     PAGES = {773--789},
      ISSN = {0373-3114,1618-1891},
   MRCLASS = {42B15 (42B25 42B37)},
  MRNUMBER = {3654932},
MRREVIEWER = {Xiang\ Xing\ Tao},
       DOI = {10.1007/s10231-016-0595-2},
       URL = {https://doi.org/10.1007/s10231-016-0595-2},
}

@article {KimManifold,
    AUTHOR = {Kim, Jongchon},
     TITLE = {Endpoint bounds for a class of spectral multipliers in compact
              manifolds},
   JOURNAL = {Indiana Univ. Math. J.},
  FJOURNAL = {Indiana University Mathematics Journal},
    VOLUME = {67},
      YEAR = {2018},
    NUMBER = {2},
     PAGES = {937--969},
      ISSN = {0022-2518,1943-5258},
   MRCLASS = {58J40 (42B35)},
  MRNUMBER = {3798862},
MRREVIEWER = {Elena\ Cordero},
       DOI = {10.1512/iumj.2018.67.6298},
       URL = {https://doi.org/10.1512/iumj.2018.67.6298},
}

@incollection {Mitjagin,
    AUTHOR = {Mitjagin, Boris S.},
     TITLE = {Divergenz von {S}pektralentwicklungen in
              {$L\sb{p}$}-{R}\"aumen},
 BOOKTITLE = {Linear operators and approximation, {II} ({P}roc. {C}onf.,
              {M}ath. {R}es. {I}nst., {O}berwolfach, 1974)},
    SERIES = {Internat. Ser. Numer. Math.},
    VOLUME = {Vol. 25},
     PAGES = {521--530},
 PUBLISHER = {Birkh\"auser Verlag, Basel-Stuttgart},
      YEAR = {1974},
   MRCLASS = {47A70 (35P10 47B37)},
  MRNUMBER = {410438},
MRREVIEWER = {B.\ Fishel},
}

@incollection {LeeRogersSeeger,
    AUTHOR = {Lee, Sanghyuk and Rogers, Keith M. and Seeger, Andreas},
     TITLE = {Square functions and maximal operators associated with radial
              {F}ourier multipliers},
 BOOKTITLE = {Advances in analysis: the legacy of {E}lias {M}. {S}tein},
    SERIES = {Princeton Math. Ser.},
    VOLUME = {50},
     PAGES = {273--302},
 PUBLISHER = {Princeton Univ. Press, Princeton, NJ},
      YEAR = {2014},
      ISBN = {978-0-691-15941-6},
   MRCLASS = {42A20 (42B15 42B25)},
  MRNUMBER = {3329855},
MRREVIEWER = {Jan-Olav\ R\"onning},
}

@article {Carbery,
    AUTHOR = {Carbery, Anthony and Gasper, George and Trebels, Walter},
     TITLE = {Radial {F}ourier multipliers of {$L\sp{p}({\bf R}\sp{2})$}},
   JOURNAL = {Proc. Nat. Acad. Sci. U.S.A.},
  FJOURNAL = {Proceedings of the National Academy of Sciences of the United
              States of America},
    VOLUME = {81},
      YEAR = {1984},
    NUMBER = {10},
     PAGES = {3254--3255},
      ISSN = {0027-8424},
   MRCLASS = {42B15 (42B20)},
  MRNUMBER = {747595},
MRREVIEWER = {Kenneth\ F.\ Andersen},
       DOI = {10.1073/pnas.81.10.3254},
       URL = {https://doi.org/10.1073/pnas.81.10.3254},
}

@incollection{HormanderRiesz,
    AUTHOR = {H\"ormander, Lars},
     TITLE = {On the {R}iesz means of spectral functions and eigenfunction
              expansions for elliptic differential operators},
 BOOKTITLE = {Some {R}ecent {A}dvances in the {B}asic {S}ciences, {V}ol. 2
              ({P}roc. {A}nnual {S}ci. {C}onf., {B}elfer {G}rad. {S}chool
              {S}ci., {Y}eshiva {U}niv., {N}ew {Y}ork, 1965-1966)},
     PAGES = {155--202},
 PUBLISHER = {Yeshiva University, Belfer Graduate School of Science, New
              York},
      YEAR = {1969},
   MRCLASS = {35.80},
  MRNUMBER = {257589},
}

@article {SoggeSpherical,
    AUTHOR = {Sogge, Christopher D.},
     TITLE = {Oscillatory integrals and spherical harmonics},
   JOURNAL = {Duke Math. J.},
  FJOURNAL = {Duke Mathematical Journal},
    VOLUME = {53},
      YEAR = {1986},
    NUMBER = {1},
     PAGES = {43--65},
      ISSN = {0012-7094,1547-7398},
   MRCLASS = {42B10 (42B15)},
  MRNUMBER = {835795},
MRREVIEWER = {Douglas\ Kurtz},
       DOI = {10.1215/S0012-7094-86-05303-2},
       URL = {https://doi.org/10.1215/S0012-7094-86-05303-2},
}

@article {Harangi,
    AUTHOR = {Harangi, Viktor and Keleti, Tam\'as and Kiss, Gergely and
              Maga, P\'eter and M\'ath\'e, Andr\'as and Mattila, Pertti and
              Strenner, Bal\'azs},
     TITLE = {How large dimension guarantees a given angle?},
   JOURNAL = {Monatsh. Math.},
  FJOURNAL = {Monatshefte f\"ur Mathematik},
    VOLUME = {171},
      YEAR = {2013},
    NUMBER = {2},
     PAGES = {169--187},
      ISSN = {0026-9255,1436-5081},
   MRCLASS = {28A78},
  MRNUMBER = {3077930},
MRREVIEWER = {Alain\ Rivi\`ere},
       DOI = {10.1007/s00605-012-0455-0},
       URL = {https://doi.org/10.1007/s00605-012-0455-0},
}

@article {Mathe,
    AUTHOR = {M\'ath\'e, Andr\'as},
     TITLE = {Sets of large dimension not containing polynomial
              configurations},
   JOURNAL = {Adv. Math.},
  FJOURNAL = {Advances in Mathematics},
    VOLUME = {316},
      YEAR = {2017},
     PAGES = {691--709},
      ISSN = {0001-8708,1090-2082},
   MRCLASS = {28A78},
  MRNUMBER = {3672917},
MRREVIEWER = {Jonathan\ MacDonald\ Fraser},
       DOI = {10.1016/j.aim.2017.01.002},
       URL = {https://doi.org/10.1016/j.aim.2017.01.002},
}

@article {Keleti,
    AUTHOR = {Keleti, Tam\'as},
     TITLE = {A 1-dimensional subset of the reals that intersects each of its translates in at most a single point},
   JOURNAL = {Real Anal. Exchange},
  FJOURNAL = {Real Analysis Exchange},
    VOLUME = {24},
      YEAR = {1998/99},
    NUMBER = {2},
     PAGES = {843--844},
      ISSN = {0147-1937,1930-1219},
   MRCLASS = {28A78},
  MRNUMBER = {1704757},
}

@mastersthesis{DensonThesis,
    AUTHOR = {Denson, Jacob},
    SERIES={Electronic Theses and Dissertations (ETDs) 2008+},
    TITLE={Cartesian products avoiding patterns},
    URL={https://open.library.ubc.ca/collections/ubctheses/24/items/1.0387448},
    DOI={http://dx.doi.org/10.14288/1.0387448}, school={University of British Columbia},
    YEAR={2019},
    COLLECTION={Electronic Theses and Dissertations (ETDs) 2008+}
}

@article{PramanikLiang,
    AUTHOR = {Liang, Yiyu and Pramanik, Malabika},
     TITLE = {Fourier dimension and avoidance of linear patterns},
   JOURNAL = {Adv. Math.},
  FJOURNAL = {Advances in Mathematics},
    VOLUME = {399},
      YEAR = {2022},
     PAGES = {Paper No. 108252, 50},
      ISSN = {0001-8708,1090-2082},
   MRCLASS = {42A32 (11B30 28A78 42A38)},
  MRNUMBER = {4384610},
MRREVIEWER = {Chun-Kit\ Lai},
       DOI = {10.1016/j.aim.2022.108252},
       URL = {https://doi.org/10.1016/j.aim.2022.108252},
}

@article{Rudin,
    AUTHOR = {Rudin, Walter},
     TITLE = {Fourier-{S}tieltjes transforms of measures on independent sets},
   JOURNAL = {Bull. Amer. Math. Soc.},
  FJOURNAL = {Bulletin of the American Mathematical Society},
    VOLUME = {66},
      YEAR = {1960},
     PAGES = {199--202},
      ISSN = {0002-9904},
   MRCLASS = {42.00},
  MRNUMBER = {119035},
MRREVIEWER = {Edwin\ Hewitt},
       DOI = {10.1090/S0002-9904-1960-10433-8},
       URL = {https://doi.org/10.1090/S0002-9904-1960-10433-8},
}

@article {ChangJaumeGreenfeldJamneshanLiMadrid,
    AUTHOR = {Chang, Alan and de Dios Pont, Jaume and Greenfeld, Rachel and
              Jamneshan, Asgar and Li, Zane Kun and Madrid, Jos\'e},
     TITLE = {Decoupling for fractal subsets of the parabola},
   JOURNAL = {Math. Z.},
  FJOURNAL = {Mathematische Zeitschrift},
    VOLUME = {301},
      YEAR = {2022},
    NUMBER = {2},
     PAGES = {1851--1879},
      ISSN = {0025-5874,1432-1823},
   MRCLASS = {42A16 (11A63 28A80)},
  MRNUMBER = {4418339},
MRREVIEWER = {Peter\ R.\ Massopust},
       DOI = {10.1007/s00209-021-02950-0},
       URL = {https://doi.org/10.1007/s00209-021-02950-0},
}

@article {LabaWang,
    AUTHOR = {{\L}aba, Izabella and Wang, Hong},
     TITLE = {Decoupling and near-optimal restriction estimates for {C}antor
              sets},
   JOURNAL = {Int. Math. Res. Not. IMRN},
  FJOURNAL = {International Mathematics Research Notices. IMRN},
      YEAR = {2018},
    NUMBER = {9},
     PAGES = {2944--2966},
      ISSN = {1073-7928,1687-0247},
   MRCLASS = {42A32},
  MRNUMBER = {3801501},
MRREVIEWER = {Alexander\ Ulanovski\u i},
       DOI = {10.1093/imrn/rnw327},
       URL = {https://doi.org/10.1093/imrn/rnw327},
}

@article {Bourgain,
    AUTHOR = {Bourgain, Jean},
     TITLE = {Bounded orthogonal systems and the {$\Lambda(p)$}-set problem},
   JOURNAL = {Acta Math.},
  FJOURNAL = {Acta Mathematica},
    VOLUME = {162},
      YEAR = {1989},
    NUMBER = {3-4},
     PAGES = {227--245},
      ISSN = {0001-5962,1871-2509},
   MRCLASS = {43A46},
  MRNUMBER = {989397},
MRREVIEWER = {Fran\c coise\ Lust-Piquard},
       DOI = {10.1007/BF02392838},
       URL = {https://doi.org/10.1007/BF02392838},
}

@article {Talagrand,
    AUTHOR = {Talagrand, Michel},
     TITLE = {Sections of smooth convex bodies via majorizing measures},
   JOURNAL = {Acta Math.},
  FJOURNAL = {Acta Mathematica},
    VOLUME = {175},
      YEAR = {1995},
    NUMBER = {2},
     PAGES = {273--300},
      ISSN = {0001-5962,1871-2509},
   MRCLASS = {46B07 (46B09 52A21 60B11)},
  MRNUMBER = {1368249},
MRREVIEWER = {Wolfgang\ Lusky},
       DOI = {10.1007/BF02393307},
       URL = {https://doi.org/10.1007/BF02393307},
}

@article {BourgainDemeterStudyGuide,
    AUTHOR = {Bourgain, Jean and Demeter, Ciprian},
     TITLE = {A study guide for the {$l^2$} decoupling theorem},
   JOURNAL = {Chinese Ann. Math. Ser. B},
  FJOURNAL = {Chinese Annals of Mathematics. Series B},
    VOLUME = {38},
      YEAR = {2017},
    NUMBER = {1},
     PAGES = {173--200},
      ISSN = {0252-9599,1860-6261},
   MRCLASS = {42B37},
  MRNUMBER = {3592159},
MRREVIEWER = {Juha\ K.\ Kinnunen},
       DOI = {10.1007/s11401-016-1066-1},
       URL = {https://doi.org/10.1007/s11401-016-1066-1},
}

@article {DuZhang,
    AUTHOR = {Du, Xiumin and Zhang, Ruixiang},
     TITLE = {Sharp {$L^2$} estimates of the {S}chr\"odinger maximal
              function in higher dimensions},
   JOURNAL = {Ann. of Math. (2)},
  FJOURNAL = {Annals of Mathematics. Second Series},
    VOLUME = {189},
      YEAR = {2019},
    NUMBER = {3},
     PAGES = {837--861},
      ISSN = {0003-486X,1939-8980},
   MRCLASS = {42B20 (42B37)},
  MRNUMBER = {3961084},
MRREVIEWER = {Dong\ Dong},
       DOI = {10.4007/annals.2019.189.3.4},
       URL = {https://doi.org/10.4007/annals.2019.189.3.4},
}








@article{Grimaldi,
    author = {Funar, Louis and Grimaldi, Renata},
    title = {The Ends of Manifolds With Bounded Geometry, Linear Growth and Finite Filling Area},
    journal = {Geom. Dedicata},
    volume = {104},
    year = {2004},
    pages = {139-148}
}

@article{Douglas,
    author = {Douglas, Jesse},
    title = {The General Geometry of Paths},
    journal = {Ann. of Math. (2)},
    volume = {29},
    year = {1927},
    pages = {143-168}
}

@article{AkbarZadeh,
    author = {Akbar-Zadeh, Hassan},
    title = {Sur les espaces de Finsler à courbures sectionnelles constantes},
    journal = {Acad. Roy. Belg. Bull. Cl. Sci. (5)},
    volume = {74},
    year = {1988},
    pages = {281-322}
}

@article{Pfeifer,
    author = {Pfeifer, Christian},
    title = {The Tangent Bundle Exponential Map and Locally Autoparallel Coordinates for General Connections on the Tangent Bundle with Applications to {F}insler Geometry},
    journal = {Int. J. Geom. Methods Mod. Phys},
    volume = {13},
    year = {2016}
}

@article{Thomas,
    author = {Thomas, Joseph Miller},
    title = {On Normal Coordinates in the Geometry of Paths},
    journal = {Proc. Natl. Acad. Sci. USA},
    volume = {12},
    year = {1926},
    pages = {58-63}
}

@article{Hormander2,
    author = {H\"{o}rmander, Lars},
    title = {The Spectral Function of an Elliptic Operator},
    journal = {Act Math.},
    volume = {121},
    pages = {341-370},
    year = {1968}
}

@article{Hormander1,
    author = {H\"{o}rmander, Lars},
    title = {Estimates for translation invariant operators in {$L^p$} spaces},
    journal = {Acta Math.},
    volume = {104},
    number = {1-2},
    year = {1960},
    pages = {93-140}
}

@article{Fefferman,
    author = {Fefferman, Charles},
    title = {The Multiplier Problem for the Ball},
    journal = {Ann. of Math. (2)},
    volume = {94},
    number = {2},
    year = {1971},
    pages = {330-336}
}

@book{Besse,
    author = {Besse, Arthur L.},
    title = {Manifolds all of whose Geodesics are Closed},
    year = {1978},
    publisher = {Springer Berlin, Heidelberg},
    volume = {93},
    series = {A Series of Modern Surveys in Mathematics}
}

@article{KenigStantonTomas,
    author = {Kenig, Carlos E. and Stanton, Robert J. and Tomas, Peter A.},
    title = {Divergence of Eigenfunction Expansions},
    journal = {J. Funct. Anal.},
    volume = {46},
    number = {1},
    year = {1982},
    pages = {28-44}
}

@article{Dappa,
    author = {Dappa, Henry},
    title = {Quasi-radial Multipliers},
    journal = {Studia Math.},
    volume = {84},
    number = {1},
    year = {1986},
    pages = {1-24}
}

@article{SoggeRieszMeans,
    author = {Sogge, Christopher D.},
    title = {On the Convergence of {R}iesz Means on Compact Manifolds},
    journal = {Ann. of Math. (2)},
    volume = {126},
    number = {3},
    year = {1987},
    pages = {439-447}
}

@article{SoggeSpectralClusters,
    author = {Sogge, Christopher D.},
    title = {Concerning the {$L^p$} norm of spectral clusters for second order elliptic operators on compact manifolds},
    journal = {J. Funct. Anal.},
    volume = {77},
    year = {1988},
    pages = {123-138}
}

@book{HeinzHopf,
    author = {Hopf, Heinz},
    title = {Differential Geometry in the Large},
    year = {1989},
    publisher = {Springer-Verlag},
    volume = {1000},
    series = {Lectures Notes in Mathematics}
}

@book{BaoChern,
    author = {Bao, D. and Chern S.-S. and Shen Z.},
    title = {An Introduction to {R}iemann-{F}insler Geometry},
    year = {2000},
    publisher = {Springer-Verlag},
    volume = {200},
    series = {Graduate Texts in Mathematics}
}

@article{SeegerEndpointEstimatesManifold,
    author = {Seeger, Andreas},
    title = {Endpoints Estimates for Multiplier Transformations on Compact Manifolds},
    journal = {Indiana Univ. Math. J.},
    volume = {40},
    number = {2},
    year = {1991},
    pages = {471-533}
}

@article{SeegerSoggeStein,
    author = {Seeger, Andreas and Sogge, Christopher D. and Stein, Elias M.},
    title = {Regularity Properties of {F}ourier Integral Operators},
    journal = {Ann. of Math. (2)},
    volume = {134},
    number = {2},
    year = {1991},
    pages = {231-251}
}

@article{SeegerSogge,
    author = {Seeger, Andreas and Sogge, Christopher D.},
    title = {On the Boundedness of Functions of (Pseudo) Differential Operators on Compact Manifolds},
    journal = {Duke Math J.},
    volume = {59},
    number = {3},
    year = {1989},
    pages = {709-736}
}

@article{Strichartz,
    author = {Strichartz, Robert S.},
    title = {A Functional Calculus For Elliptic Pseudo-differential Operators},
    journal = {Amer. J. Math},
    volume = {94},
    number = {3},
    year = {1972},
    pages = {711-722}
}

@misc{Gallier,
    author = {Gallier, Jean},
    title = {Notes on Spherical Harmonics and Linear Representations of {L}ie Groups},
    year = {2013}
}

@article{Minicozzi,
    author = {Minicozzi, William P. and Sogge, Christopher D.},
    title = {Negative Results for {N}ikodym Maximal Functions and Related Oscillatory Integrals in Curved Spaces},
    journal = {Math. Res. Lett.},
    volume = {4},
    number = {2},
    year = {2000},
    pages = {221-237}
}

@article{Tao,
    author = {Tao, Terence},
    title = {The {B}ochner-{R}iesz implies the Restriction Conjecture},
    journal = {Duke Math. J.},
    volume = {96},
    number = {1},
    year = {1999},
    pages = {363-375}
}

@article{GarrigosandSeeger,
    author = {Garrig\'{o}s, Gustavo and Seeger, Andreas},
    title = {Characterizations of {H}ankel Multipliers},
    journal = {Math. Ann.},
    volume = {342},
    number = {1},
    year = {2008},
    pages = {31-68}
}

@article{HeoandNazarovandSeeger,
    author = {Heo, Yaryong and Nazarov, Fedor and Seeger, Andreas},
    title = {Radial {F}ourier Multipliers in High Dimensions},
    journal = {Acta Math.},
    volume = {206},
    number = {1},
    year = {2011},
    pages = {55-92}
}

@article{BourgainandGuth,
    author = {Bourgain, Jean and Guth, Larry},
    title = {Bounds on Oscillatory Integral Operators Based on Multilinear Estimates},
    journal = {Geom. Funct. Anal.},
    volume = {21},
    number = {6},
    year = {2011},
    pages = {1239-1295}
}

@article{HeoandYang,
    author = {Heo, Yaryong and Yang, Chan Woo},
    title = {Local Smoothing Estimates for some Half-Wave Operators},
    journal = {J. Math. Anal. Appl.},
    volume = {381},
    number = {2},
    year = {2011},
    pages = {573-581}
}

@article{Zahl2,
    author = {Zahl, Joshua},
    title = {On the {W}olff Circular Maximal Function},
    journal = {Illinois J. Math.},
    volume = {56},
    number = {4},
    year = {2012},
    pages = {1281-1295}
}

@article{LeeSeeger,
    author = {Lee, Sanghyuk and Seeger, Andreas},
    title = {{L}ebesgue Space Estimates for a class of {F}ourier Integral Operators Associated With Wave Propogation},
    journal = {Math. Nachr.},
    volume = {286},
    number = {7},
    year = {2013},
    pages = {745-755}
}

@phdthesis{Alladi,
    author = {Alladi, Sriram},
    year = {2015},
    title = {A Multiplier Theorem for Ultraspherical Polynomials},
    school = {University of Wisconsin-Madison}
}

@article{Bott,
    author = {Bott, Raoul},
    title = {On Manifolds all of whose Geodesics are Closed},
    journal = {Ann. of Math.},
    volume = {60},
    number = {3},
    year = {1954},
    pages = {375-382}
}

@article{Weinstein,
    author = {Weinstein, Alan},
    title = {On the Volume of Manifolds all of whose Geodesics are Closed},
    journal = {J. Diff. Geom.},
    volume = {9},
    pages = {513-517},
    year = {1974}
}

@article{KimSpectral,
    author = {Kim, Jongchon},
    title = {Endpoint Bounds for a Class of Spectral Multipliers on Compact Manifolds},
    journal = {Indiana Univ. Math. J.},
    volume = {67},
    number = {2},
    year = {2018},
    pages = {937-969}
}

@article{KatzandRogers,
    author = {Katz, Nets Hawk and Rogers, Keith M.},
    title = {On the Polynomial {W}olff Axioms},
    journal = {Geom. Funct. Anal.},
    volume = {28},
    number = {6},
    year = {2018},
    pages = {1706-1716}
}
(ArXiV 2018)

@InProceedings{BeltranandHickmanandSogge,
    author = {Beltran, David and Hickman, Jonathan and Sogge, Christopher D.},
    title = {Sharp Local Smoothing Estimates for {F}ourier Integral Operators},
    booktitle="Geometric Aspects of Harmonic Analysis",
    year = {2021},
    pages = {29-105}
}

@article{GuthandWangandZhang,
    author = {Guth, Larry and Wang, Hong and Zhang, Ruixiang},
    title = {A Sharp Square Function Estimate for the Cone in {$\mathbb{R}^3$}},
    journal = {Ann. of Math.},
    volume = {192},
    number = {2},
    year = {2020},
    pages = {551-581}
}

@article{Zelditch,
    author = {Zelditch, Steven},
    title = {Maximally Degenerate {L}aplacians},
    journal = {Ann. Inst. Fourier, Grenoble},
    volume = {46},
    number = {2},
    year = {1996},
    pages = {547-587}
}

@unpublished{GuoandOhandWangandWuandZhang,
    author = {Guo, Shaoming and Oh, Changkeun and Wang, Hong and Wu, Shukun and Zhang, Ruixiang},
    title = {The {B}ochner-{R}iesz Problem: An Old Approach Revisited},
    howpublished = {"\url{https://arxiv.org/abs/2104.11188}"},
    year = {ArXiv 2021},
    note = {Arxiv Preprint}
}

@unpublished{Casado,
    author = {Lezcano-Casado, Mario},
    title = {Curvature-Dependant Global Convergence Rates For Optimizatation On Manifolds Of Bounded Geometry},
    howpublished = {"\url{https://arxiv.org/abs/2008.02517}"},
    year = {ArXiv 2020},
    note = {Arxiv Preprint}
}

@article{Zahl,
    author = {Zahl, Joshua},
    title = {Sphere Tangencies, Line Incidences, and {L}ie's Line-Sphere Correspondence},
    journal = {Math. Proc. Cambridge Philos. Soc.},
    volume = {172},
    number = {2},
    year = {2021},
    pages = {1-21}
}
(ArXiv 2021)

@book{Hormander4,
    author = {H\"{o}rmander, Lars},
    title = {The Analysis of Linear Partial Differential Operators {IV}: {F}ourier Integral Operators},
    year = {1985},
    publisher = {Springer Verlag}
}

@book{Treves2,
    author = {Treves, François},
    year = {1980},
    title = {Introduction to Pseudodifferential and {F}ourier Integral Operators},
    volume = {2},
    publisher = {Plenum Press}
}







@book{Cheeger,
    author = {Cheeger, Jeff and Ebin, David G.},
    year = {1975},
    title = {Comparison Theorems in {R}iemannian Geometry},
    publisher = {The American Mathematical Society}
}

@book{Katok,
    author = {Katok, Svetlana},
    year = {1992},
    title = {Fuchsian Groups},
    publisher = {The University of Chicago Press}
}

@book{Robinson,
    author = {Robinson, Horatio},
    year = {1880},
    title = {Elements of Plane and Spherical Trigonometry},
    publisher = {Ivison, Blakeman, Taylor and Company}
}

@book{Wolff,
    author = {Wolff, Thomas H.},
    year = {2003},
    title = {Lectures in Harmonic Analysis},
    publisher = {The American Mathematical Society}
}

@book{Grafakos,
    author = {Grafakos, Loukas},
    year = {2014},
    title = {Classical {F}ourier Analysis},
    publisher = {Springer}
}

@book{Sogge,
    author = {Sogge, Christopher D.},
    year = {2017},
    title = {{F}ourier Integrals in Classical Analysis},
    publisher = {Cambridge University Press}
}

@book{Spivak1,
    author = {Spivak, Michael},
    year = {1999},
    title = {A Comprehensive Introduction to Differential Geometry},
    publisher = {Publish or Perish},
    volume = {2}
}

@book{Spivak2,
    author = {Spivak, Michael},
    year = {1999},
    title = {A Comprehensive Introduction to Differential Geometry},
    publisher = {Publish or Perish},
    volume = {2}
}